@article{Planck1901,
author = {Planck, Max},
title = {Ueber das Gesetz der Energieverteilung im Normalspectrum},
journal = {Annalen der Physik},
volume = {309},
number = {3},
pages = {553-563},
doi = {10.1002/andp.19013090310},
year = {1901}
}