@article{Barroso:2013awa,
    author = "Barroso, A. and Ferreira, P. M. and Ivanov, I. P. and Santos, Rui",
    title = "{Metastability bounds on the two Higgs doublet model}",
    eprint = "1303.5098",
    archivePrefix = "arXiv",
    primaryClass = "hep-ph",
    doi = "10.1007/JHEP06(2013)045",
    journal = "JHEP",
    volume = "06",
    pages = "045",
    year = "2013"
}